2862 5018
207 553 401 655 Sumbing,
425 559 508 644 sunt
532 549 570 626 in
591 525 742 653 regione
740 499 945 626 Kadu

222 683 340 757 Non
361 677 523 755 multum
556 707 576 754 a
607 680 699 782 pede
732 675 891 753 orientali
920 675 1051 752 montis
1086 653 1263 774 Sumbiug

55 883 60 890 .
134 811 135 814 ’
190 793 453 934 ιιρόιίιιιιιιιι
461 799 531 879 tres
561 807 713 907 insignes
738 819 895 896 montes,
927 829 1096 904 magnum
1110 801 1262 884 illorum

210 945 369 1012 tractum
389 915 585 1007 dividentes
611 935 729 1036 quasi3
756 933 795 1008 hi
821 943 905 1006 sunt
932 933 1125 1040 Unarang,
1159 929 1265 1054 Mar-

212 1062 367 1138 habaet
390 1061 544 1176 Meropi.

223 1169 366 1263 Mons
404 1189 598 1289 quinimo
616 1187 797 1315 sequitur,
828 1181 969 1288 dicitur
1000 1189 1170 1283 Jupora,
1204 1180 1277 1284 qui

209 1313 361 1392 maxime
392 1297 592 1432 separatus
606 1327 659 1388 est
687 1299 732 1388 ab
746 1281 949 1388 universali
972 1312 1050 1388 illo
1059 1325 1193 1402 tractu,
1231 1322 1276 1383 et'

211 1437 385 1518 diversam
410 1421 522 1515 labet
554 1417 724 1552 sormam
757 1439 840 1516 cum
868 1437 974 1574 liujus
1003 1441 1097 1566 pede
1125 1451 1271 1541 septen·
1270 1452 1283 1463 ”

212 1569 352 1643 trionali
380 1573 522 1669 junctus
553 1583 607 1642 est
633 1568 719 1642 alius
743 1567 861 1644 minor
879 1595 983 1643 mons
993 1552 1189 1676 ‚ejusdem
1208 1555 1284 1639 nar-⁸

182 1769 185 1776 ,
212 1710 332 1774 turae
328 1705 481 1787 tamen,
516 1697 699 1798 Tjelan‘ng
720 1693 845 1770 dictus.
897 1695 1049 1792 Quando
1078 1721 1175 1770 nunc
1199 1717 1272 1767 rur-

208 1843 273 1898 sus
305 1805 439 1942 rectam
467 1823 598 1896 lineam
633 1821 814 1934 sequimur
844 1824 965 1923 magni
995 1822 1089 1920 illius
1118 1832 1272 1910 mactus,

214 1963 320 2025 tunc
334 1935 552 2041 invenimus,
593 1972 666 2020 uno
693 1948 766 2020 fere
797 1949 907 2048 gradu
947 1943 1095 2052 propius
1136 1943 1181 2024 ad
1204 1941 1281 2020 οιὶ-’

215 2065 345 2152 eutem
369 2106 391 2152 a
415 2090 536 2149 monte
561 2076 707 2169 Merapi
741 2088 778 2145 et
805 2075 877 2146 fere
899 2077 939 2147 in
966 2075 1097 2149 eodem·
1118 2057 1275 2150 latitudi-

214 2229 282 2293 ne,
301 2187 461 2275 montem
485 2185 627 2289 Lawtt',
653 2198 715 2298 qui
731 2197 889 2298 pertinet
900 2200 954 2302 ad
975 2195 1149 2300 'maximos
1169 2197 1274 2281 Javae
1311 2230 1314 2240 ¹
1421 2177 1422 2206 Χ

215 2343 354 2404 montes
380 2327 453 2427 igni
488 2325 662 2402 ardentes.
693 2324 795 2400 'Nou
834 2325 960 2427 procul
995 2344 1113 2404 autem
1144 2357 1166 2406 a
1200 2356 1276 2433 sep

87 2446 89 2463 ’
217 2451 419 2530 tentrionali
459 2453 553 2560 pede
586 2451 692 2553 hujus
717 2451 849 2525 montis
878 2467 932 2527 est
960 2455 1124 2601 planities
1151 2456 1286 2551 calcis,·

98 2647 102 2654 .
219 2585 259 2659 in
290 2611 360 2685 qua
388 2582 562 2708 reperitur
592 2604 740 2696 vorago,
750 2575 919 2653 unde
908 2575 1064 2683 moignes
1092 2583 1203 2658 moles
1226 2609 1280 2659 ar·

146 2735 154 2756 ·
222 2699 397 2840 gillaceae
411 2735 493 2784 cum
508 2731 638 2812 aqua
638 2707 727 2782 salsa
751 2719 788 2780 et
820 2707 1051 2784 fervidissima
1072 2711 1204 2784 mixtae
1234 2709 1281 2787 ad

221 2829 385 2937 magnam
408 2817 628 2910 altitudinem
657 2811 893 2909 extruduntur
914 2851 951 2910 et
977 2835 1225 2938 projiciuntur.

214 3054 218 3062 x
236 2957 390 3039 Fere
380 2991 419 3036 m
421 2945 565 3036 eadem
586 2958 771 3034 latitudine
792 2945 969 3068 montium
981 2965 1136 3067 Mempi
1152 2979 1188 3039 et
1207 2966 1282 3040 La·
1329 2941 1333 2950 ’

224 3119 290 3170 wu
314 3102 508 3194 sequuntur
533 3087 591 3161 alii
617 3102 779 3182 montes,
810 3059 910 3165 Wilis
936 3091 1033 3166 dicti.
1085 3093 1150 3167 His
1167 3091 1285 3193 proxi·

225 3207 312 3294 mus'
328 3243 429 3292 mons
453 3229 506 3290 est
531 3217 641 3307 Klut,
668 3219 729 3319 qui
751 3221 844 3318 jacet
863 3244 979 3320 ¹prope
1004 3219 1189 3295 orientales
1213 3233 1289 3308 ter·¹

226 3341 345 3420 minos
374 3345 656 3474 provinciarum,
683 3344 809 3445 quibus
831 3361 1000 3446 praesunt
1019 3349 1199 3449 principes
1224 3345 1283 3446 Ja-

229 3467 423 3561 vanenses,
446 3484 483 3544 et
511 3472 572 3572 qui
603 3484 656 3544 est
673 3473 883 3572 praecipuus
899 3499 1003 3546 mons
1027 3474 1154 3548 ardens
1176 3473 1283 3574 hujus

229 3598 336 3673 lavae
360 3599 481 3722 partis.
531 3599 647 3700 Hujus
674 3597 858 3672 monticuli
894 3601 1008 3699 juncti
1043 3615 1127 3674 sunt
1163 3623 1284 3675 versus

233 3725 405 3800 orientem
428 3725 598 3800 eumalio
620 3741 742 3799 monte
768 3729 880 3802 Kawi
901 3725 1015 3800 dicto·
1006 3753 1192 3829 ,quorum
1202 3719 1294 3800 am·'

233 3851 360 3925 borum
379 3853 562 3926 monticuli
576 3852 771 3928 circulatim
789 3867 939 3953 vergunt
964 3853 1009 3928 ad
1028 3855 1296 3957 septentriones=

237 3990 272 4051 et
305 3994 474 4056 vocantur
501 3983 753 4073 Indorawati,
792 4007 832 4056 ac
867 3981 1048 4082 pertinent
1075 3983 1121 4058 ad
1149 3993 1287 4056 montes

1239 4131 1291 4180 se·
