2814 5022
169 551 262 644 'Sed
290 552 395 623 sicuti
427 554 466 624 in
493 545 562 620 hac
585 541 648 620 oia
673 543 899 646 ingredienda
923 567 980 616 me
1012 549 1087 640 ipse
1122 549 1193 620 ad·

141 677 305 752 hortatus
324 702 406 749 sum
421 676 586 770 exemplo
595 675 748 768 fiunis,
770 676 808 746 in
830 671 885 758 liis
906 675 1060 746 scientiis
1078 674 1183 766 clari,

141 810 191 878 ita
203 783 251 878 ‘in
278 817 332 877 ea'
347 803 498 875 tenenda
514 827 587 874 non
609 824 743 897 parum
768 801 918 899 adjutus
942 803 1022 897 ejus
1046 804 1207 874 rnorzitis.

140 947 177 1006 et
210 931 373 1006 consiliis.
431 931 529 1002 Mem
554 926 621 1028 *liic
656 953 708 1002 eac
739 926 861 1001 schola
893 928 1186 1023 Brugmansiana

134 1058 323 1156 profhetias
344 1081 411 1152 pra
435 1081 503 1128 sua
527 1081 642 1148 more,
667 1057 706 1128 id
725 1067 799 1156 est,
826 1055 970 1126 comiter
993 1076 1038 1126 ac
1066 1054 1214 1146 docte„

134 1189 284 1283 primus
307 1182 396 1256 mihi
420 1181 712 1278 contemplamiae
736 1193 888 1253 naturae
904 1179 1044 1275 finem,
1080 1195 1189 1256 mate·

140 1315 227 1384 riem
248 1325 285 1384 et
296 1335 406 1383 usum
418 1311 638 1401 monstravit,
653 1307 705 1404 ac]
717 1307 921 1403 disciplinae
939 1305 1112 1377 naturalis
1125 1308 1192 1378 ad.

143 1439 330 1513 discendae
356 1451 487 1510 rectam
505 1440 677 1509 rationem
698 1439 848 1534 aperuit.
889 1433 1002 1529 Saepe
1022 1434 1126 1506 redeo
1150 1437 1191 1528 in

142 1565 348 1640 memoriam
366 1565 504 1637 illorum
518 1578 733 1660 temporum,
746 1546 879 1660 quibus
894 1585 978 1634 cum
992 1561 1191 1636 illoLeidae

143 1691 270 1766 beatus
302 1696 403 1784 ozni,
438 1717 593 1792 eumque
620 1690 800 1788 chymiam
829 1688 1025 1764 tradentem
1056 1691 1193 1764 audon

142 1824 264 1919 Atque
288 1817 376 1892 haec
394 1817 483 1891 milii
508 1817 695 1889 utilissima
716 1817 908 1887 recordatio
935 1829 990 1885 est
1005 1829 1041 1887 et
1052 1819 1192 1914 jucun·

144 1947 301 2016 dissime.
343 1944 465 2013 Didici
486 1956 574 2012 tune
599 1943 763 2012 scientiae
792 1940 973 2011 naturales
994 1965 1068 2012 non
1087 1942 1193 2014 modo

145 2071 326 2167 ingenium
340 2041 491 2162 pascere
503 2089 615 2159 posse
636 2066 781 2161 egregiis
803 2049 909 2136 rebus
932 2079 1043 2162 atque
1072 2089 1124 2147 ex
1151 2069 1193 2140 iis

144 2193 298 2265 multum
325 2188 410 2277 boni
429 2193 467 2262 in
482 2213 706 2295 communem
728 2213 837 2261 usum
858 2192 1078 2284 redundare,
1109 2194 1193 2282 sed,

113 2293 116 2301 Ι
141 2323 186 2392 iis
214 2316 301 2391 bene
328 2317 454 2406 cultis,
488 2341 553 2388 nos
583 2316 753 2389 adversus
763 2316 946 2414 fortunae
973 2343 1082 2392 casus
1108 2323 1197 2420 erigi

31 2442 35 2450 ’
128 2419 179 2518 ιεἰ
199 2445 250 2518 ad
270 2447 503 2543 cognitionem
517 2443 687 2525 ,nostrzim
713 2445 929 2543 airttctisque
950 2447 1129 2545 progredi

194 2565 301 2644 ¹Venit
320 2583 400 2641 tum
417 2571 564 2642 Laidem
583 2593 635 2641 ex
660 2570 766 2640 India
784 2569 903 2646 redux
922 2573 1193 2665 Reinwardtas,

145 2702 204 2771 air
228 2671 485 2770 celeberrimus.
537 2695 664 2796 Hujus
687 2694 915 2769 eruditissimi
940 2712 976 2769 et
996 2702 1121 2773 eximii
1138 2703 1193 2772 ai

146 2829 178 2896 ri
212 2822 354 2900 schalas
384 2820 428 2895 de
465 2818 608 2917 thymia
635 2834 672 2892 et
696 2818 802 2897 rebus
818 2821 1012 2919 fusilibus
1048 2826 1194 2925 diligens

133 2951 392 3052 frequentavi,
419 2951 528 3046 inque
554 2951 596 3022 iis
619 2945 724 3020 bared
753 2952 825 3022 scio
852 2976 902 3024 an
922 2949 1013 3047 plus
1043 2953 1198 3034 admirer

148 3081 213 3154 viri
229 3081 267 3151 in
284 3077 479 3175 faciundis
503 3099 622 3148 rerum
649 3080 900 3169 experimentis
914 3077 1134 3177 fiscilitatem
1159 3095 1198 3154 et

148 3207 344 3295 solertiam,
365 3231 416 3277 an
447 3204 499 3276 in.
513 3204 712 3276 disserendo
729 3209 1016 3301 perspicuitatem
1044 3221 1081 3280 et
1101 3212 1196 3282 ueri-

141 3311 233 3404 tatis
263 3307 417 3402 amorem
428 3359 443 3419 ;
473 3359 497 3404 a
526 3356 601 3429 quo
635 3329 798 3405 benevolo
821 3347 1049 3428 praeceptore
1082 3361 1195 3434 quarn

150 3456 356 3532 humaniter
385 3469 421 3530 et
452 3461 596 3532 comiter
621 3459 718 3533 domi
747 3485 856 3551 suae,
890 3464 1042 3534 scientiis
1068 3476 1104 3536 et
1126 3461 1194 3534 lzuq

148 3583 316 3660 manituti
339 3600 580 3677 cameratae,
605 3601 780 3682 exceptus
804 3590 892 3678 sim,
923 3588 993 3662 dici
1026 3615 1101 3662 non
1126 3615 1197 3686 po-

152 3717 250 3794 usit,
273 3712 387 3786 Crevit
410 3716 448 3784 in
472 3714 544 3788 dies
568 3715 788 3788 necessitudo
816 3718 907 3788 inter
926 3715 1197 3792 Reinwardtum

160 3839 200 3910 V.
221 3839 259 3910 C.
277 3853 541 3936 praeceptorem
562 3845 602 3914 'et
622 3866 678 3916 me
699 3841 934 3937 discipulum
958 3839 1124 3915 adhibuit
1141 3866 1198 3918 me

155 3981 382 4074 spectatorem
408 3956 641 4067 explorandi,
665 3969 854 4068 defiriiendi
879 3955 915 4044 et
944 3971 1064 4045 ordine
1089 3968 1196 4046 colla—
1298 4017 1300 4028 =

1109 4120 1197 4174 Csin-
1261 4117 1271 4124 ’
