2814 5022
231 576 468 659 stantissimis.
536 577 645 678 Quod
677 595 796 653 autem
817 581 935 675 fidem
964 583 1090 653 attinet
1128 599 1308 668 eonem,
1397 653 1398 656 ,

232 737 327 811 quae
367 709 411 781 de
442 705 701 803 phoenomenis
730 712 905 780 montium
937 709 1138 780 ardentium
1164 710 1309 782 Juvae

232 839 379 924 tradidi,
406 851 518 931 utqzte
539 834 773 932 intelligatur,
798 835 978 934 quomodo
995 861 1059 932 ego
1087 860 1130 908 ea
1158 859 1307 908 narra-

232 991 270 1039 re
301 979 338 1037 et
355 962 549 1065 dijudicare
573 965 775 1055 pomeria,
803 962 872 1036 boe
900 964 1091 1036 tenendum
1121 975 1201 1051 est,
1229 961 1302 1048 ct,

232 1090 505 1164 Rebiwardtum
521 1113 592 1182 pro
613 1114 682 1160 sua
710 1087 917 1162 liberalitate
925 1090 1149 1188 facultatem
1167 1087 1304 1184 perlit-³

228 1219 428 1318 gendarum
444 1240 593 1287 suorum
617 1217 843 1308 Anrzalium,
869 1221 1004 1313 inipso
1026 1220 1148 1288 itinere
1173 1219 1304 1311 scrip
1397 1235 1398 1280 t

232 1359 373 1434 torum,
400 1341 489 1414 mibi
505 1340 739 1438 praebuisse,
764 1369 856 1441 quos
871 1345 1025 1443 perlegi,
1051 1358 1088 1416 et
1110 1343 1198 1414 ditm
1222 1343 1302 1414 ad·
1397 1347 1398 1406 ξ

232 1469 391 1543 mirabor
409 1473 479 1541 oiri
475 1469 707 1566 indefessi
693 1497 732 1542 in
757 1471 989 1568 suscipiendis
1012 1483 1050 1542 et
1065 1470 1300 1568 perfierendis
1397 1423 1398 1554 l

161 1693 165 1702 Ι
233 1595 413 1671 laboribus
446 1600 707 1687 consumtiam,
743 1621 787 1668 ea
818 1622 866 1672 ex
894 1601 936 1669 iis
961 1600 1155 1694 descripsi,
1193 1622 1297 1697 quae
1397 1599 1398 1602 ’

234 1751 313 1798 meo
330 1749 437 1821 scopo
453 1728 618 1799 inservire
630 1750 741 1820 posse
759 1723 850 1796 milii
867 1725 1096 1824 abderentur,
1124 1749 1294 1826 quaeque

166 1951 172 1958 .
234 1855 397 1950 deinceps
421 1853 473 1924 ad
493 1877 614 1926 meum
636 1877 745 1924 usum
765 1857 944 1940 eonverti;
960 1853 1091 1948 plura,
1118 1853 1194 1924 beet
1215 1875 1291 1921 me-

234 1995 377 2052 moratu
403 1981 534 2078 digna,
561 1979 757 2052 honestatis
788 2003 898 2051 sensu
926 1983 1084 2070 duetus,
1119 1981 1186 2075 ipsi
1211 1980 1292 2050 uuo

234 2107 372 2201 reliqui.
422 2109 545 2204 Atque
564 2104 651 2176 bene
679 2105 834 2201 legendis
860 2106 928 2176 illis
955 2105 1148 2179 annalibus
1182 2111 1292 2179 nostn'

99 2272 104 2281 =
227 2233 507 2329 peregrinatoris
523 2243 560 2302 et
582 2233 720 2327 san'ptis
746 2231 916 2320 aliorum,
941 2259 1034 2330 quos
1056 2239 1138 2334 jam
1151 2237 1284 2308 'numa
1397 2233 1398 2236 ’

236 2361 336 2446 ravi,
361 2359 412 2427 ita
433 2359 473 2429 in
492 2355 621 2429 borum
644 2359 909 2456 intelligentiam
931 2387 988 2434 me
1011 2366 1195 2436 insinuare
1218 2379 1292 2437 stu·
1397 2359 1398 2368 ’

238 2485 305 2555 dui
314 2541 324 2574 ,
350 2497 394 2554 ut
414 2487 568 2582 quinon
591 2490 666 2582 ipse
692 2500 1079 2582 montes‘erumpentes
1100 2479 1291 2580 ordinem,

237 2634 375 2706 eornm¹
391 2624 510 2686 tomen
532 2615 713 2704 ineendm,
750 2617 896 2704 rniubs,
929 2612 976 2686 ab
1007 2613 1151 2715 ignibus
1174 2632 1294 2690 mista*

238 2749 351 2810 tiones
375 2739 495 2812 videre
516 2740 605 2813 mibi
625 2743 776 2814 viderer-⁴
1179 2829 1183 2836 ⁵

288 2866 345 2937 -In
375 2869 499 2959 capite.
515 2869 625 2940 altero
658 2871 702 2941 de
729 2873 833 2944 souis
859 2892 895 2948 et
922 2876 1099 2972 lapidibus
1123 2882 1296 2959 montium

206 3069 209 3077 ,
239 2995 314 3090 igni
332 2991 536 3063 ardentium
555 2997 621 3094 egi.
667 2998 715 3068 Ut
733 3013 767 3071 et
784 2998 842 3089 bie
864 3009 1121 3098 ostenderetur,
1148 3009 1295 3109 quibus⁴

240 3143 327 3190 nam
364 3143 458 3194 saxa
495 3123 672 3221 Jaoanrea
703 3135 915 3203 corioeniont
944 3159 1028 3206 eum
1061 3139 1162 3210 saxis
1195 3163 1295 3210 mon*

241 3247 332 3316 tium
358 3246 513 3317 aliarum
532 3253 737 3346 regionum,
764 3257 984 3355 qzribusnam
1009 3261 1048 3332 di
1064 3277 1203 3354 erant,
1223 3270 1297 3361 pri-

241 3395 343 3442 mum
364 3374 507 3471 singulo
530 3400 624 3451 saxa
641 3394 678 3450 et
702 3381 860 3475 lapides,
886 3411 937 3458 ex
963 3392 1075 3461 orariis
1096 3390 1294 3490 regionibns

199 3581 205 3590 ⁵
242 3511 475 3592 apportatas,
509 3509 579 3605 qni
609 3505 662 3577 ad
691 3524 827 3583 montes
866 3513 1028 3588 ardentes
1051 3523 1291 3612 pertinerent,

237 3623 455 3737 perlustravi
481 3643 516 3701 et
544 3633 728 3726 explorari
749 3639 787 3708 in
817 3639 949 3712 Museo
974 3646 1092 3742 regio;
1124 3670 1215 3745 quos
1245 3648 1292 3719 loa

245 3746 345 3823 bores
381 3755 420 3825 in
454 3760 531 3852 ipso
565 3761 700 3835 Museo*
719 3789 891 3864 peragere
916 3772 1025 3862 potui
1059 3750 1235 3869 singulari
1261 3785 1294 3843 et

246 3881 343 3977 erga.
362 3905 418 3954 me
453 3882 676 3959 humanitate
702 3905 739 3963 et
769 3891 1006 3968 benevolentia
1031 3896 1236 3978 nobilissimi
1262 3911 1294 3969 et

201 4095 209 4112 ι
238 4008 292 4104 ἑτιἱ
309 4007 509 4108 Zoologieis
529 4018 704 4111 principis
734 4023 806 4091 oiri
834 4023 1064 4096 Temminelsii
1076 4083 1085 4114 ,
1111 4029 1174 4108 cui
1199 4032 1296 4098 meri-

1242 4157 1294 4224 tis·
