2812 5028
644 377 887 480 ..οοῖ..Η

243 627 328 676 cum
348 603 500 677 universi
527 627 648 676 omnes
679 603 829 704 lapidei,
856 601 956 678 vitrei
983 613 1031 674 et
1056 600 1260 702 spongiosi
1283 599 1331 699 ig·

243 729 344 802 nium
369 731 446 812 vim
466 729 560 831 passi
585 729 734 820 fuerint,
768 729 961 832 cademque
991 729 1130 826 magis
1171 730 1329 804 minusve

243 856 342 929 fusi?
390 856 448 930 Ad
479 883 537 929 eas
566 855 789 957 explicandas
814 855 872 930 alii
897 855 971 930 eliis
1003 854 1253 954 argumentis
1278 853 1324 928 usi

242 996 343 1074 sunt3
371 996 475 1083 atque
500 982 583 1056 licet
606 1006 728 1054 omnes
747 981 815 1055 hac
831 980 876 1055 de
899 1008 939 1056 re
955 981 1318 1082 argumentationes,

244 1135 332 1209 quas
347 1099 570 1182 Doiomievus
589 1122 625 1182 et
638 1105 798 1202 Dreenus
816 1110 864 1184 'iu
886 1107 1148 1186 celeberrimis
1170 1106 1243 1179 illis
1256 1107 1321 1178 An·

243 1233 381 1308 natibus
411 1234 655 1334 Mineralogiae
685 1247 722 1306 et
753 1235 940 1334 Geologiae
975 1234 1214 1310 consecratis
1244 1217 1315 1330 (ι’)

242 1359 531 1466 91011111151111111,1
551 1361 696 1434 minime
718 1359 934 1461 spernendas
955 1387 1032 1435 esse
1053 1361 1252 1463 judicem,
1271 1371 1312 1438 tt·

243 1469 333 1557 men
358 1486 498 1560 illarum
526 1489 720 1590 formarum
756 1501 852 1561 ortus
886 1488 1034 1587 egregiis
1071 1487 1233 1562 demum
1256 1483 1312 1555 illis
1367 1565 1369 1590 ;

243 1608 544 1686 observationibus
559 1628 595 1686 et
610 1614 861 1714 experimentis
876 1613 1008 1705 Watti,
1034 1613 1145 1688 Halli
1165 1627 1203 1686 et
1215 1613 1244 1686 F
1244 1611 1306 1683 leu-
1365 1619 1367 1692 t

242 1738 330 1810 tiavi
363 1739 514 1811 maxime
547 1739 736 1812 illustratus
762 1739 948 1813 habendus
975 1754 1038 1813 est.
1111 1741 1195 1839 Sic,
1232 1752 1304 1814 ute
1362 1739 1367 1807 t

189 1903 194 1910 ·
242 1851 362 1968 multis
378 1877 515 1971 tantum
537 1866 658 1965 paucis
676 1878 759 1940 utar
777 1865 967 1969 exemplis,
993 1861 1231 1942 observatum
1243 1877 1300 1952 ests

242 1987 376 2090 lapides
404 1989 478 2089 igni
501 1991 615 2080 fusos,
642 1993 783 2094 quando
808 1992 904 2069 lente
927 1994 1147 2092 frigescunt,
1183 1985 1297 2068 mutari

243 2105 282 2213 in
299 2137 430 2187 massas
448 2115 623 2216 lapideas;
644 2098 786 2220 suendo
807 2143 889 2194 vero
911 2119 1075 2197 celeriter
1096 2125 1233 2200 calores
1245 2119 1298 2195 dit

243 2239 415 2334 fundunt,
446 2243 486 2314 in
511 2244 638 2318 vitreas
662 2249 771 2346 (2);
808 2260 914 2348 atque
941 2245 1051 2322 altero
1082 2253 1204 2355 capite
1235 2253 1296 2350 flam

242 2367 385 2453 monui,
411 2364 719 2469 quodsimateries
745 2374 821 2448 fusa
848 2370 936 2447 fluat
957 2375 995 2448 in
1018 2387 1129 2472 aere,
1160 2395 1292 2478 vapores

160 2509 165 2518 ’
244 2492 398 2587 emittat,
416 2495 543 2600 quibus
558 2499 755 2600 peripsam
772 2503 949 2601 perruptis
968 2501 1102 2579 bullata
1119 2509 1162 2579 fit
1176 2517 1211 2576 et
1224 2521 1289 2574 rara

243 2623 395 2721 pumicis
418 2624 538 2697 instar.
558 2642 561 2653 “
588 2623 643 2697 Ex
662 2625 718 2696 his
735 2626 853 2727 itaque
869 2627 1011 2725 paucis,
1037 2633 1172 2706 summi
1187 2643 1291 2721 tamen

241 2749 415 2822 'momenti
451 2745 749 2823 observationibus
780 2747 991 2854 concludere
1021 2755 1132 2852 lieet,
1172 2753 1289 2857 lapides

243 2873 421 2948 montium
444 2874 645 2948 ardentium
677 2875 822 2976 quidem
847 2901 969 2954 omnes
991 2883 1065 2983 igni
1090 2884 1213 2973 fundi,
1237 2873 1287 2951 sed

240 2993 380 3072 diversa
418 3027 487 3102 qua
515 3000 652 3074 ratione
687 3001 819 3076 calores
850 3029 930 3080 suos
961 3011 1155 3104 amittant
1182 3011 1218 3083 in
1241 3005 1287 3078 di·

242 3150 383 3198 versam
428 3117 603 3201 texturam
637 3129 840 3233 variamque
882 3138 1030 3234 figuram
1077 3129 1284 3215 conformari

221 3248 330 3350 ’Νοη
351 3254 467 3328 minus
493 3254 568 3354 ipse
590 3252 671 3331 saxa
691 3270 727 3330 et
749 3254 883 3360 lapides
906 3261 1075 3338 differunt
1096 3241 1281 3369 principiis,

362 3395 366 3404 '
1110 3401 1115 3410 “
1251 3396 1280 3457 ct

277 3567 343 3642 (1)
360 3576 421 3628 vid.
437 3580 540 3643 Journal
564 3584 595 3635 de
615 3581 696 3635 times
715 3585 766 3638 No.
782 3593 815 3640 2'2
834 3599 861 3640 et
878 3591 929 3642 No.
950 3605 1005 3658 139.
1024 3601 1051 3644 et
1065 3589 1207 3648 Dolomieu·
1230 3577 1279 3632 M⁶'

191 3719 197 3734 ι
236 3657 326 3716 'moire
342 3677 385 3714 sur
402 3661 453 3714 l’ile
472 3666 574 3730 Posce,
591 3683 649 3733 pag.
665 3669 722 3735 296.

280 3748 348 3812 (2)
366 3747 426 3798 vs.
443 3749 618 3816 serentesque
634 3753 794 3815 Britannique
810 3751 870 3801 vor.
883 3753 941 3804 xv.
961 3763 987 3805 et
1002 3754 1122 3814 memorre
1136 3766 1180 3814 sus
1189 3741 1276 3808 1111111

230 3834 279 3898 ,ctu
307 3832 349 3884 feu
377 3833 437 3884 dans
455 3835 624 3890 lestvolcans
644 3853 688 3901 par
708 3838 1021 3905 Flectitis-defsseltevue
1043 3846 1133 3911 Journ.
1163 3845 1190 3896 de
1211 3839 1277 3899 Phys·

246 3919 324 3968 Tom.
344 3917 400 3967 LX.
419 3933 475 3984 pag.
491 3935 538 3982 413
551 3938 624 3986 seqq.
644 3935 670 3974 ct
688 3923 749 3973 tiber
767 3923 814 3973 den
833 3924 919 3974 Monte
939 3926 1037 3976 Sornma
1056 3944 1107 3981 von
1130 3921 1276 3980 1„A.Nec¹

246 4002 308 4064 tier,
335 4002 438 4054 deutsch
462 4004 599 4056 bearbeitet
617 4019 668 4058 von
685 4007 734 4061 Dr.
755 4010 914 4074 Nocggeruh
939 4013 989 4065 und
1007 4012 1054 4064 Dr.
1075 4011 1275 4076 Ptolem-1⁹²

245 4092 273 4138 tt
290 4099 345 4152 193.
379 4084 606 4152 Etbcrsfcldtsszs·
