2862 5018
778 317 832 348 ⁸-u

671 348 913 426 ...38...

264 555 302 616 et
328 539 409 615 iimi
439 539 702 642 eruptionibus,
723 521 849 646 ,quasi
875 571 928 632 ex„
947 525 1039 650 ipso³
1052 565 1186 628 cratere
1207 579 1324 633 anou-

190 749 194 755 ,
240 649 354 742 'tium
388 667 650 776 provenissent,
689 697 762 743 non
798 674 874 746 sine
910 655 1045 750 ratione
1084 678 1321 778 dubitarunt,

261 783 457 908 multasque
501 821 622 870 earum
664 797 905 899 repetiverunt
939 829 960 910 a
997 802 1124 903 pluviis
1152 783 1324 909 ingenti·

161 971 172 1002 0
261 921 328 1028 bus
355 923 394 995 in
423 923 501 1024 ipsa
526 923 710 1025 eruptione
734 928 874 1027 saepius
911 927 1128 1004 cadentibus.
1177 933 1322 1011 Harum

260 1078 368 1154 aquas
399 1077 482 1162 cum
513 1050 689 1124 cineribus
706 1052 840 1142 ,motas
871 1081 892 1128 a
926 1055 1105 1130 montibus
1134 1060 1323 1162 profluere

258 1191 413 1280 putant,
437 1179 486 1252 ita
510 1190 551 1251 ut
575 1201 696 1253 revera
725 1205 768 1279 erg
795 1180 881 1281 ipsis
910 1181 1091 1257 montibus
1119 1188 1213 1260 exire
1238 1215 1323 1263 cre-

186 1291 189 1297 ’
260 1305 349 1380 da'nt
378 1317 602 1407 spectatores.
652 1306 846 1412 Praecipue
879 1322 998 1382 autem
1033 1310 1085 1384 sic
1114 1293 1322 1390 existimant

259 1431 305 1508 de
343 1434 512 1524 Vesuvio,
546 1432 666 1506 Aetna
697 1447 735 1506 ct
765 1435 891 1508 Heela.
947 1435 1074 1540 Neque
1101 1435 1202 1514 facile
1236 1443 1320 1545 quis

256 1559 421 1660 negabit,
462 1557 590 1633 multas
630 1559 758 1633 barum
780 1562 1021 1662 'eruptionum
1054 1567 1320 1644 narrationibus

257 1689 365 1790 supra
398 1713 475 1760 rem
505 1687 757 1786 veritatemque
789 1685 895 1760 elatas
931 1715 1006 1768 esse
1036 1682 1141 1794 atque
1167 1719 1320 1770 exorna.

257 1829 330 1907 tas,
355 1816 472 1888 minus
495 1812 651 1912 fingendi
671 1812 787 1897 studio
813 1827 850 1886 at
871 1838 1012 1909 amore,
1038 1845 1146 1920 quam
1170 1820 1318 1922 quidem

189 1998 195 2014 .
255 1967 318 2034 co,
356 1940 452 2044 quod
480 1954 719 2042 spectatorum
747 1941 857 2013 animi
887 1943 994 2016 tantis
1025 1959 1172 2019 naturae
1200 1949 1320 2049 operi·

255 2067 323 2143 bus
350 2067 440 2140 moti
462 2081 581 2140 essent
607 2079 644 2140 et
670 2065 925 2166 obstupefacti,
950 2070 999 2143 ita
1022 2085 1062 2144 ut
1085 2071 1218 2174 aliquid
1239 2101 1318 2151 sese

254 2193 381 2268 vidisse
411 2187 614 2282 crederent,
654 2189 751 2292 quod
770 2217 900 2267 revera
927 2219 1001 2268 non
1037 2180 1208 2274 viderant.
1267 2202 1317 2279 Et

255 2347 339 2396 vero
383 2319 530 2421 grandes
562 2317 702 2421 pluviae
739 2317 948 2421 plerumque
987 2325 1106 2398 statim
1150 2328 1316 2406 incendia

256 2449 489 2550 insequuntur
504 2503 527 2542 ,Ι
549 2469 753 2547 paucaeque
776 2459 860 2520 sunt
885 2447 1012 2524 harum
1043 2451 1240 2550 historiae,
1275 2458 1315 2532 in

256 2575 383 2680 quibus
415 2575 554 2650 illarum
589 2565 723 2648 mentio
757 2600 833 2649 non
872 2579 1089 2677 reperiatur,
1129 2587 1227 2684 cujus
1261 2585 1314 2658 rei

256 2687 414 2779 caussam
439 2716 539 2777 acute
563 2715 600 2775 et
633 2701 780 2776 solerter
806 2701 994 2804 explicavit
1022 2706 1081 2779 Du
1107 2708 1208 2782 Caria
1231 2711 1311 2809 (1).

198 2863 201 2870 ·
254 2831 379 2934 Neque
419 2833 495 2904 siue
522 2857 642 2940 caussa
673 2830 848 2931 quaedam
877 2855 1047 2931 aquarum
1079 2833 1271 2908 effusiones¹
1291 2863 1313 2908 e

253 2957 452 3050 montibus,
484 2956 636 3058 exempli
665 2957 774 3055 gratia
811 2955 963 3056 glacialis
994 2961 1166 3060 regionis,
1204 2963 1312 3036 Islan·

255 3083 352 3178 diae,
375 3081 489 3159 dictae
509 3099 545 3157 et
564 3083 703 3157 habitae
727 3075 810 3157 sunt
831 3098 927 3159 ortae
952 3112 1028 3160 esse
1047 3087 1215 3190 eliquata
1228 3091 1311 3164 nive

254 3227 291 3288 et
312 3213 420 3314 glacie
434 3198 452 3300 ;⁴
479 3209 606 3313 quibus
632 3211 773 3284 illorum
799 3201 948 3287 vertices
972 3213 1142 3309 candent,
1167 3218 1232 3294 etsi
1257 3244 1312 3295 re·

254 3339 349 3415 dices
371 3341 445 3440 igni
470 3353 638 3414 aestuant.
682 3337 824 3414 ¹Verum
850 3353 969 3415 tamen
994 3342 1141 3418 minime
1165 3343 1310 3420 audien·

252 3469 291 3542 di
318 3482 400 3544 suut
426 3469 477 3558 ii,
511 3466 594 3568 qui,
636 3493 719 3540 cum
746 3467 876 3540 barum
905 3469 1133 3567 eruptionum
1172 3499 1309 3546 caussas

252 3623 316 3672 suo
347 3575 488 3694 ingenio
513 3606 550 3665 et
581 3593 793 3692 cogitatione
816 3595 953 3696 assequi
978 3610 1014 3668 et
1040 3596 1215 3696 explicare
1234 3623 1309 3674 non

252 3724 416 3828 possint,
451 3747 509 3794 eas
542 3744 688 3822 prorsus
721 3735 852 3819 negent
885 3749 926 3795 ac
954 3737 1153 3797 commenta
1187 3725 1307 3798 velint.

251 3853 346 3929 Nam
380 3875 427 3925 ne
464 3848 588 3946 dicum-
618 3845 711 3921 bello
749 3848 995 3960 Mithridatico
1030 3849 1074 3923 ad
1112 3851 1309 3952 Apameam
1410 3897 1411 3964 3

309 4006 313 4017 ·
1199 3980 1312 4084 Phry·

286 4181 349 4248 (1)
368 4181 427 4232 Viti.
447 4183 486 4230 Du
506 4181 576 4233 Carta
594 4147 714 4232 tttmoit'e
732 4197 771 4234 sur
788 4181 824 4248 ies
843 4163 1002 4230 tuonilations
1017 4175 1198 4240 Volcaniquee·
