2812 5028
638 375 687 402 -.-
733 329 787 407 9⁰
832 369 891 410 -.

233 559 323 638 quae
342 527 488 626 lundata¹
509 540 562 600 est
589 524 905 618 observationibus,
918 550 1019 628 quae
1045 524 1199 628 probant
1222 553 1288 602 εει

233 661 369 736 tionem
390 683 464 730 non
487 667 625 730 tanttrm
649 654 814 730 deorsum
834 653 898 728 sed
928 657 1069 728 sursuni
1097 655 1204 728 etiam
1227 679 1289 746 esre

233 812 289 883 se;
314 783 410 887 quod
426 796 540 882 terrae
557 793 676 878 motus
687 779 887 854 ostendunt.
936 771 1031 854 Nam
1046 779 1181 856 sublata
1194 805 1291 852 mas·

200 977 203 982 .
232 939 272 990 sa
293 909 441 984 dimovit
457 922 493 980 et
510 908 671 1008 perrupit
693 909 893 1008 superiora,
920 933 1030 1009 eaque
1051 906 1210 1009 implerit
1232 905 1287 976 ef-

234 1039 330 1129 fusa3
357 1033 548 1138 quodcum
568 1034 735 1132 continuo
752 1038 833 1126 fiat,
855 1032 954 1107 hulla
974 1035 1103 1108 horum
1118 1055 1291 1106 saxorum

234 1161 358 1244 divisio
391 1185 434 1234 ex
464 1173 575 1234 aetate
603 1174 677 1252 est;
707 1160 801 1234 unde
831 1161 938 1234 etiam
965 1161 1056 1235 mira
1076 1161 1136 1234 illa
1160 1181 1291 1232 eorum
1389 1199 1390 1236 2

235 1287 481 1366 convenientia
516 1285 682 1388 explicari
712 1299 849 1386 potest,
878 1301 920 1360 ut
950 1302 987 1359 et
1012 1285 1211 1390 praesentia
1245 1284 1289 1356 in

235 1413 397 1516 omnibus
431 1411 558 1486 stratis.
606 1410 770 1486 Tandem
799 1441 841 1488 ca
870 1414 1032 1488 doctrina
1060 1413 1287 1488 confirmatur

234 1539 460 1639 vestigiorum
480 1538 683 1612 animalium
706 1553 742 1612 et
756 1539 957 1640 plantarum
980 1535 1287 1641 impressorumin
1390 1555 1391 1560 ’

235 1667 292 1740 his
312 1666 409 1740 ‘saxis
435 1664 595 1758 defectu,
619 1677 762 1768 totaque
789 1692 912 1741 eorum
936 1680 1111 1740 structura
1133 1662 1288 1766 peculia·

236 1794 295 1888 ri,
317 1794 419 1892 ignea
448 1779 579 1894 quasi,
592 1790 744 1892 liquata,
773 1791 907 1868 bullata
928 1817 1204 1896 saepenumero,
1232 1802 1287 1862 at·
1391 1887 1392 1896 ἵ

236 1945 307 2022 que
330 1917 473 1992 inclusis
498 1920 666 1993 materiis.
734 2007 738 2012 Ι

249 2111 261 2126 .
284 2047 423 2120 Montes
441 2044 585 2126 tandem
606 2073 626 2119 e
648 2047 781 2123 basalta
800 2047 882 2121 lacti
903 2075 966 2122 sua
987 2044 1158 2148 peculiari
1178 2046 1289 2118 forma

234 2185 318 2276 sunt
344 2169 581 2270 conspicui-et
603 2177 676 2274 jam
697 2175 821 2276 procul
839 2173 939 2268 facile
955 2171 1124 2274 distingui
1143 2183 1291 2275 possunt
1392 2255 1393 2276 χ

236 2297 283 2378 ab
300 2296 387 2372 alius
403 2296 538 2396 generis
551 2301 751 2395 montibus3
778 2304 930 2375 formant
946 2313 1065 2374 autem
1079 2300 1292 2400 plerumque
1392 2279 1393 2284 ¹

236 2424 354 2506 minus
378 2423 435 2498 vel
466 2426 577 2524 magis
605 2428 779 2528 perfectos
810 2453 944 2534 seorsos
973 2453 1080 2504 conos
1094 2436 1111 2520 ,'
1139 2428 1202 2528 qui
1233 2451 1291 2519 ro·
1393 2504 1394 2527 χ

237 2553 417 2629 nudiores
440 2550 498 2626 vel
511 2554 690 2628 'acutiores
708 2569 810 2648 sunt,
835 2557 942 2630 modo
963 2556 1157 2657 planiores,
1173 2552 1294 2646 ¹modo

236 2679 364 2778 minus·
381 2678 605 2772 detruncati,
629 2681 815 2783 aliquando
834 2684 941 2756 etiam
963 2682 1091 2782 horurn
1111 2679 1291 2780 montium

239 2807 357 2908 apices
380 2819 473 2890 sunt
489 2807 671 2898 acutiores.
701 2809 895 2909 ‘Denique
916 2810 985 2883 hoc
1008 2835 1130 2902 saxum
1159 2806 1294 2906 multos

238 2946 378 3030 urentes
399 2932 440 3028 ,in
465 2931 611 3036 diversis
642 2919 744 3008 terris
773 2936 881 3027 facit,
917 2962 1003 3036 quos
1037 2947 1295 3036 recensuerunt

238 3055 426 3154 qumslffir'
451 3059 512 3157 qui
545 3048 705 3134 universe
731 3062 775 3135 de
800 3063 994 3162 Geogrrosia
1021 3076 1186 3162 egerunt,
1213 3074 1292 3133 tum

240 3181 303 3283 qrri
336 3182 530 3281 peculiares
574 3188 733 3286 regiones
774 3214 964 3290 eorumque
1009 3214 1091 3262 saxa
1133 3186 1293 3287 descrip-

156 3391 159 3398 ,
240 3322 387 3400 serunt;
420 3337 509 3411 quae
533 3312 715 3412 regiones,
742 3328 782 3388 ut
811 3316 956 3415 opinor,
980 3315 1064 3388 satis
1093 3325 1178 3388 sunt
1208 3336 1294 3411 cog·

236 3435 370 3508 uitae„

299 3560 355 3634 Ex
390 3562 689 3638 observationibus
719 3567 771 3640 Cl.
803 3568 1020 3646 Reinwardti
1054 3579 1216 3657 constat,
1249 3566 1291 3638 in

191 3756 194 3761 .
238 3683 335 3794 Juva-
350 3690 456 3763 etiam
485 3690 555 3764 hoc
578 3717 699 3764 saxum
729 3695 900 3792 quosdam
924 3698 1036 3770 iacere
1059 3709 1217 3792 montes,
1243 3706 1289 3787 at·

199 3813 206 3819 ”
242 3835 311 3910 quc
343 3841 389 3922 ex
418 3830 578 3890 accurata
608 3844 770 3892 saxorum
801 3835 836 3892 et
861 3821 1019 3922 lapidum
1053 3819 1291 3921 exploratione

243 3935 423 4052 affirmare
452 3969 620 4042 possum,
654 3971 673 4015 e
712 3945 888 4020 montibus
920 3947 1120 4023 ardentibus
1148 3945 1290 4044 insignis
